@article{王珊2011架构大数据,
  title={架构大数据:挑战、现状与展望},
  author={王珊 and 王会举 and 覃雄派 and 周烜},
  journal={计算机学报},
  volume={034},
  number={010},
  pages={1741-1752},
  year={2011},
 abstract={大数据分析相比于传统的数据仓库应用,具有数据量大、查询分析复杂等特点.为了设计适合大数据分析的数据仓库架构,文中列举了大数据分析平台需要具备的几个重要特性,对当前的主流实现平台——并行数据库、MapReduce及基于两者的混合架构进行了分析归纳,指出了各自的优势及不足,同时也对各个方向的研究现状及作者在大数据分析方面的努力进行了介绍,对未来研究做了展望.},
}

@article{王塞博2014无线传感器网络综述,
  title={无线传感器网络综述},
  author={王塞博 and 刘素凯 and 毛先柏},
  journal={信息通信},
  volume={000},
  number={008},
  pages={61-62},
  year={2014},
 abstract={作为计算,通信和传感器三项技术相结合的产物,无线传感器网络是一种全新的信息获取和处理技术.文章简要介绍了无线传感器网络体系结构和特点,分析和展望了一些有价值的应用领域,总结了其研究现状,讨论了无线传感器网络研究的一些关键问题,展望了无线传感器网络的应用前景.},
}

@article{孟小峰2013大数据管理,
  title={大数据管理:概念、技术与挑战},
  author={孟小峰 and 慈祥},
  journal={计算机研究与发展},
  volume={50},
  number={001},
  pages={146-169},
  year={2013},
 abstract={云计算、物联网、社交网络等新兴服务促使人类社会的数据种类和规模正以前所未有的速度增长,大数据时代正式到来.数据从简单的处理对象开始转变为一种基础性资源,如何更好地管理和利用大数据已经成为普遍关注的话题.大数据的规模效应给数据存储、管理以及数据分析带来了极大的挑战,数据管理方式上的变革正在酝酿和发生.对大数据的基本概念进行剖析,并对大数据的主要应用作简单对比.在此基础上,阐述大数据处理的基本框架,并就云计算技术对于大数据时代数据管理所产生的作用进行分析.最后归纳总结大数据时代所面临的新挑战.},
}

@article{2010物联网关键技术与应用,
  title={物联网关键技术与应用},
  journal={计算机科学},
  author={xxx and yyy},
  volume={37},
  number={006},
  pages={1-4},
  year={2010},
 abstract={物联网因其巨大的应用前景而受到各国政府,学术界和工业界的广泛重视.介绍了物联网的概念,基本属性和特征,描述了物联网的体系构成,发展阶段及趋势.以传感器网络为例详细论述了物联网的关键技术,最后以环境监测为例,说明了物联网的典型应用.},
}

@article{孙其博2010物联网,
  title={物联网:概念、架构与关键技术研究综述},
  author={孙其博 and 刘杰 and 黎羴 and 范春晓 and 孙娟娟},
  journal={北京邮电大学学报},
  volume={033},
  number={003},
  pages={1-9},
  year={2010},
 abstract={物联网涉及众多领域,首先解析了物联网的基本概念和特征,对比分析了物联网与传感器网络,泛在网络,机器对机器通信以及计算物理系统等概念的关系;其次介绍了国际电信联盟(ITU)提出的泛在传感器网络(USN)体系结构,提出了物联网体系架构的研究建议;然后归纳了物联网涉及的关键技术,给出了物联网技术体系模型;最后总结了物联网标准化发展现状,并提出了物联网标准化发展建议.},
}

